<record><leader>00000cas a22000007a 4500</leader><controlfield tag="001">10933630</controlfield><controlfield tag="008">840710d18421848iauwr ne      0    0eng d</controlfield><controlfield tag="009">3781</controlfield><datafield ind1=" " ind2=" " tag="010"><subfield code="a">sn 84027170 </subfield></datafield><datafield ind1=" " ind2=" " tag="040"><subfield code="a">NPU</subfield><subfield code="b">eng</subfield><subfield code="c">NPU</subfield><subfield code="d">NPX</subfield><subfield code="d">INP</subfield><subfield code="d">DLC</subfield><subfield code="d">NPX</subfield><subfield code="d">INP</subfield><subfield code="d">NPX</subfield><subfield code="d">INP</subfield><subfield code="d">DLC</subfield><subfield code="d">INP</subfield><subfield code="d">CNK</subfield></datafield><datafield ind1="1" ind2=" " tag="029"><subfield code="a">AU@</subfield><subfield code="b">000025787878</subfield></datafield><datafield ind1=" " ind2=" " tag="042"><subfield code="a">msc</subfield></datafield><datafield ind1="0" ind2="0" tag="050"><subfield code="a">Newspaper 7768-X</subfield></datafield><datafield ind1="0" ind2=" " tag="130"><subfield code="a">Iowa standard (Iowa City, Iowa)</subfield></datafield><datafield ind1="0" ind2="4" tag="245"><subfield code="a">The Iowa standard.</subfield></datafield><datafield ind1="0" ind2="3" tag="246"><subfield code="a">Standard</subfield></datafield><datafield ind1=" " ind2=" " tag="260"><subfield code="a">Iowa City, Iowa :</subfield><subfield code="b">William Crum,</subfield><subfield code="c">1842-1848.</subfield></datafield><datafield ind1=" " ind2=" " tag="300"><subfield code="a">v. ;</subfield><subfield code="c">58-61 cm.</subfield></datafield><datafield ind1=" " ind2=" " tag="310"><subfield code="a">Weekly</subfield></datafield><datafield ind1="0" ind2=" " tag="362"><subfield code="a">Vol. 3, no. 1 (Dec. 8, 1842)-   ; Vol. 1, no. 1 (June 17, 1846)-v. 2, no. 35 (June 7, 1848).</subfield></datafield><datafield ind1=" " ind2=" " tag="500"><subfield code="a">Publishers: A.P. Wood, &lt;Jan. 16, 1845&gt;.</subfield></datafield><datafield ind1=" " ind2=" " tag="500"><subfield code="a">Includes synopsis of the proceedings of the legislative assembly of the territory of Iowa, May 14, 1845-&lt;Feb. 4, 1846&gt;.</subfield></datafield><datafield ind1=" " ind2=" " tag="500"><subfield code="a">"Impartially devoted to the dissemination of truth and popular intelligence."</subfield></datafield><datafield ind1=" " ind2=" " tag="500"><subfield code="a">Editors: A.P. Wood, &lt;Jan. 16, 1845&gt;-Apr. 3, 1845; A.P. Wood and W. Penn Clark, Apr. 7, 1845-&lt;Feb. 4, 1846&gt;.</subfield></datafield><datafield ind1=" " ind2=" " tag="752"><subfield code="a">United States</subfield><subfield code="b">Iowa</subfield><subfield code="c">Johnson</subfield><subfield code="d">Iowa City.</subfield></datafield><datafield ind1="0" ind2="0" tag="780"><subfield code="t">Iowa City standard</subfield><subfield code="w">(DLC)sn 82015850</subfield></datafield><datafield ind1="0" ind2="0" tag="785"><subfield code="t">Iowa Republican</subfield><subfield code="w">(DLC)sn 84020099</subfield></datafield></record>